date,symbol,reportedCurrency,cik,filingDate,acceptedDate,fiscalYear,period,revenue,costOfRevenue,grossProfit,researchAndDevelopmentExpenses,generalAndAdministrativeExpenses,sellingAndMarketingExpenses,sellingGeneralAndAdministrativeExpenses,otherExpenses,operatingExpenses,costAndExpenses,netInterestIncome,interestIncome,interestExpense,depreciationAndAmortization,ebitda,ebit,nonOperatingIncomeExcludingInterest,operatingIncome,totalOtherIncomeExpensesNet,incomeBeforeTax,incomeTaxExpense,netIncomeFromContinuingOperations,netIncomeFromDiscontinuedOperations,otherAdjustmentsToNetIncome,netIncome,netIncomeDeductions,bottomLineNetIncome,eps,epsDiluted,weightedAverageShsOut,weightedAverageShsOutDil
2005-06-25,AAPL,USD,0000320193,2005-08-03,2005-08-02 20:15:08,2005,Q3,3520000000,2476000000,1044000000,145000000,0,0,473000000,0,618000000,3094000000,51000000,51000000,0,46000000,472000000,426000000,0,426000000,46000000,472000000,153000000,319000000,0,0,319000000,0,319000000,0.014,0.0132,22822576000,24102484000
2005-09-24,AAPL,USD,0000320193,2005-12-01,2005-11-30 21:22:48,2005,Q4,3678000000,2643000000,1035000000,147000000,0,0,470000000,0,617000000,3260000000,60000000,0,0,51000000,469000000,418000000,0,418000000,60000000,478000000,48000000,430000000,0,0,430000000,0,430000000,0.0187,0.0177,23000936000,24298344000
2005-12-31,AAPL,USD,0000320193,2006-02-03,2006-02-03 16:20:30,2006,Q1,5749000000,4185000000,1564000000,182000000,0,0,632000000,0,814000000,4999000000,88000000,88000000,0,52000000,802000000,750000000,0,750000000,81000000,831000000,266000000,565000000,0,0,565000000,0,565000000,0.0243,0.0231,23261868000,24477796000
2006-04-01,AAPL,USD,0000320193,2006-05-05,2006-05-04 20:26:47,2006,Q2,4359000000,3062000000,1297000000,176000000,0,0,592000000,0,768000000,3830000000,87000000,87000000,0,50000000,579000000,529000000,0,529000000,76000000,605000000,195000000,410000000,0,0,410000000,0,410000000,0.0174,0.0167,23545480000,24599036000
2006-07-01,AAPL,USD,0000320193,2006-12-29,2006-12-29 06:01:37,2006,Q3,4370000000,3045000000,1325000000,175000000,0,0,584000000,0,759000000,3804000000,99000000,99000000,0,57000000,623000000,566000000,0,566000000,95000000,661000000,189000000,472000000,0,0,472000000,0,472000000,0.0198,0.0192,23838500000,24538304000
2006-09-30,AAPL,USD,0000320193,2006-12-29,2006-12-29 06:05:58,2006,Q4,4837000000,3425000000,1412000000,179000000,0,0,625000000,0,804000000,4229000000,120000000,120000000,252000000,66000000,1039000000,973000000,-365000000,608000000,113000000,721000000,179000000,542000000,0,0,542000000,0,542000000,0.0227,0.022,23910740000,24617348000
2006-12-30,AAPL,USD,0000320193,2007-02-02,2007-02-02 06:23:10,2007,Q1,7115000000,4895000000,2220000000,184000000,0,0,714000000,0,898000000,5793000000,133000000,133000000,0,74000000,1396000000,1322000000,0,1322000000,126000000,1448000000,444000000,1004000000,0,0,1004000000,0,1004000000,0.0418,0.0406,24015348000,24732316000
2007-03-31,AAPL,USD,0000320193,2007-05-10,2007-05-09 21:38:58,2007,Q2,5264000000,3415000000,1849000000,183000000,0,0,680000000,0,863000000,4278000000,158000000,158000000,0,69000000,1055000000,986000000,0,986000000,148000000,1134000000,364000000,770000000,0,0,770000000,0,770000000,0.0319,0.031,24164084000,24826284000
2007-06-30,AAPL,USD,0000320193,2007-08-08,2007-08-07 21:51:56,2007,Q3,5410000000,3415000000,1995000000,208000000,0,0,746000000,0,954000000,4369000000,168000000,168000000,0,81000000,1122000000,1041000000,0,1041000000,155000000,1196000000,378000000,818000000,0,0,818000000,0,818000000,0.0337,0.0328,24270568000,24938788000
2007-09-29,AAPL,USD,0000320193,2007-11-15,2007-11-15 16:49:37,2007,Q4,6217000000,4127000000,2090000000,207000000,0,0,823000000,-18000000,1030000000,5157000000,188000000,188000000,0,93000000,1153000000,1060000000,0,1060000000,170000000,1230000000,326000000,904000000,0,0,904000000,0,904000000,0.0371,0.036,24384640000,25084724000
2007-12-29,AAPL,USD,0000320193,2008-02-01,2008-02-01 06:06:51,2008,Q1,9608000000,6276000000,3332000000,246000000,0,0,960000000,0,1206000000,7482000000,0,0,0,106000000,2232000000,2126000000,0,2126000000,200000000,2326000000,745000000,1581000000,0,0,1581000000,0,1581000000,0.0645,0.0627,24524080000,25201512000
2008-03-29,AAPL,USD,0000320193,2008-05-01,2008-05-01 06:01:43,2008,Q2,7512000000,5038000000,2474000000,273000000,0,0,886000000,0,1159000000,6197000000,0,0,0,116000000,1431000000,1315000000,0,1315000000,162000000,1477000000,432000000,1045000000,0,0,1045000000,0,1045000000,0.0424,0.0415,24627288000,25181212000
2008-06-28,AAPL,USD,0000320193,2008-07-23,2008-07-23 17:27:26,2008,Q3,7464000000,4864000000,2600000000,292000000,0,0,916000000,0,1208000000,6072000000,0,0,0,117000000,1509000000,1392000000,0,1392000000,118000000,1510000000,438000000,1072000000,0,0,1072000000,0,1072000000,0.0433,0.0424,24744664000,25288676000
2008-09-27,AAPL,USD,0000320193,2008-11-05,2008-11-05 06:16:23,2008,Q4,7895000000,5156000000,2739000000,298000000,0,0,999000000,0,1297000000,6453000000,0,0,0,134000000,1576000000,1442000000,0,1442000000,140000000,1582000000,446000000,1136000000,0,0,1136000000,0,1136000000,0.0457,0.0448,24839052000,25353216000
2008-12-27,AAPL,USD,0000320193,2009-01-23,2009-01-22 21:45:14,2009,Q1,11880000000,7373000000,4507000000,315000000,0,0,1091000000,0,1406000000,8041000000,0,0,0,168000000,3269000000,3101000000,0,3101000000,158000000,3259000000,1004000000,2255000000,0,0,2255000000,0,2255000000,0.0645,0.0636,24895976000,25241832000
2009-03-28,AAPL,USD,0000320193,2009-04-23,2009-04-23 16:12:31,2009,Q2,9084000000,5457000000,3627000000,319000000,0,0,985000000,0,1304000000,6761000000,0,0,0,181000000,2504000000,2323000000,0,2323000000,63000000,2386000000,766000000,1620000000,0,0,1620000000,0,1620000000,0.0483,0.0477,24953040000,25283804000
2009-06-27,AAPL,USD,0000320193,2009-07-22,2009-07-22 16:41:33,2009,Q3,9734000000,5751000000,3983000000,341000000,0,0,1010000000,0,1351000000,7102000000,0,0,0,182000000,2814000000,2632000000,0,2632000000,60000000,2692000000,864000000,1828000000,0,0,1828000000,0,1828000000,0.0491,0.0483,25023936000,25456480000
2009-09-26,AAPL,USD,0000320193,2009-10-27,2009-10-27 16:18:29,2009,Q4,9870000000,6256000000,3614000000,358000000,0,0,1063000000,0,1421000000,7677000000,0,0,0,197000000,2390000000,2193000000,0,2193000000,45000000,2238000000,573000000,1665000000,0,0,1665000000,0,1665000000,0.0662,0.065,25144896000,25602472000
2009-12-26,AAPL,USD,0000320193,2010-01-25,2010-01-25 16:23:57,2010,Q1,15683000000,9272000000,6411000000,398000000,0,0,1288000000,33000000,1686000000,10958000000,0,0,0,209000000,4934000000,4725000000,0,4725000000,33000000,4758000000,1380000000,3378000000,0,0,3378000000,0,3378000000,0.13,0.13,25299176000,25753924000
2010-03-27,AAPL,USD,0000320193,2010-04-21,2010-04-21 16:39:23,2010,Q2,13499000000,7874000000,5625000000,426000000,0,0,1220000000,50000000,1646000000,9520000000,0,0,0,216000000,4195000000,3979000000,0,3979000000,50000000,4029000000,955000000,3074000000,0,0,3074000000,0,3074000000,0.12,0.12,25411344000,25840584000
2010-06-26,AAPL,USD,0000320193,2010-07-21,2010-07-21 16:37:45,2010,Q3,15700000000,9564000000,6136000000,464000000,0,0,1438000000,58000000,1902000000,11466000000,0,0,0,273000000,4507000000,4234000000,0,4234000000,58000000,4292000000,1039000000,3253000000,0,0,3253000000,0,3253000000,0.13,0.13,25541516000,25966108000
2010-09-25,AAPL,USD,0000320193,2010-10-27,2010-10-27 16:36:21,2010,Q4,20343000000,12831000000,7512000000,494000000,0,0,1571000000,-297000000,2065000000,14896000000,0,0,0,329000000,5776000000,5447000000,0,5447000000,14000000,5461000000,1153000000,4308000000,0,0,4308000000,0,4308000000,0.17,0.17,25607624000,26007100000
2010-12-25,AAPL,USD,0000320193,2011-01-19,2011-01-19 16:33:29,2011,Q1,26741000000,16443000000,10298000000,575000000,0,0,1896000000,0,2471000000,18914000000,0,0,0,356000000,8183000000,7827000000,0,7827000000,136000000,7963000000,1959000000,6004000000,0,0,6004000000,0,6004000000,0.23,0.23,25740232000,26128312000
2011-03-26,AAPL,USD,0000320193,2011-04-21,2011-04-21 06:13:41,2011,Q2,24667000000,14449000000,10218000000,581000000,0,0,1763000000,26000000,2344000000,16793000000,0,0,0,434000000,8308000000,7874000000,0,7874000000,26000000,7900000000,1913000000,5987000000,0,0,5987000000,0,5987000000,0.23,0.23,25849488000,26206432000
2011-06-25,AAPL,USD,0000320193,2011-07-20,2011-07-20 16:32:13,2011,Q3,28571000000,16649000000,11922000000,628000000,0,0,1915000000,0,2543000000,19192000000,0,0,0,481000000,9860000000,9379000000,0,9379000000,172000000,9551000000,2243000000,7308000000,0,0,7308000000,0,7308000000,0.28,0.28,25931024000,26258680000
2011-09-24,AAPL,USD,0000320193,2011-10-26,2011-10-26 16:35:25,2011,Q4,28270000000,16890000000,11380000000,645000000,0,0,2025000000,0,2670000000,19560000000,0,0,0,543000000,9253000000,8710000000,0,8710000000,81000000,8791000000,2168000000,6623000000,0,0,6623000000,0,6623000000,0.25,0.25,25991840000,26306476000
2011-12-31,AAPL,USD,0000320193,2012-01-25,2012-01-25 16:42:11,2012,Q1,46333000000,25630000000,20703000000,758000000,0,0,2605000000,0,3363000000,28993000000,228000000,228000000,0,721000000,18061000000,17340000000,0,17340000000,137000000,17477000000,4413000000,13064000000,0,0,13064000000,0,13064000000,0.5,0.5,26069148000,26364016000
2012-03-31,AAPL,USD,0000320193,2012-04-25,2012-04-25 17:01:16,2012,Q2,39186000000,20622000000,18564000000,841000000,0,0,2339000000,0,3180000000,23802000000,254000000,254000000,0,740000000,16124000000,15384000000,0,15384000000,148000000,15532000000,3910000000,11622000000,0,0,11622000000,0,11622000000,0.44,0.44,26140296000,26457004000
2012-06-30,AAPL,USD,0000320193,2012-07-25,2012-07-25 16:39:39,2012,Q3,35023000000,20029000000,14994000000,876000000,0,0,2545000000,0,3421000000,23450000000,292000000,292000000,0,835000000,12696000000,11861000000,-288000000,11573000000,288000000,11861000000,3037000000,8824000000,0,0,8824000000,0,8824000000,0.34,0.33,26224688000,26517652000
2012-09-29,AAPL,USD,0000320193,2012-10-31,2012-10-31 17:07:19,2012,Q4,35966000000,21565000000,14401000000,906000000,1551000000,1000000000,2551000000,0,3457000000,25022000000,0,0,51000000,981000000,11925000000,10944000000,0,10944000000,-51000000,10893000000,2670000000,8223000000,0,0,8223000000,0,8223000000,0.31,0.31,26525977586,26549208000
2012-12-29,AAPL,USD,0000320193,2013-01-24,2013-01-24 17:01:37,2013,Q1,54512000000,33452000000,21060000000,1010000000,0,0,2840000000,0,3850000000,37302000000,421000000,421000000,0,1588000000,19260000000,17672000000,-462000000,17210000000,462000000,17672000000,4594000000,13078000000,0,0,13078000000,0,13078000000,0.5,0.49,26289648000,26522076000
2013-03-30,AAPL,USD,0000320193,2013-04-24,2013-04-23 21:29:23,2013,Q2,43603000000,27254000000,16349000000,1119000000,0,0,2672000000,0,3791000000,31045000000,420000000,420000000,0,1692000000,14597000000,12905000000,-347000000,12558000000,347000000,12905000000,3358000000,9547000000,0,0,9547000000,0,9547000000,0.36,0.36,26490011098,26488980000
2013-06-29,AAPL,USD,0000320193,2013-07-24,2013-07-24 17:02:02,2013,Q3,35323000000,22299000000,13024000000,1178000000,0,0,2645000000,0,3823000000,26122000000,332000000,385000000,53000000,1694000000,11182000000,9488000000,-287000000,9201000000,234000000,9435000000,2535000000,6900000000,0,0,6900000000,0,6900000000,0.27,0.27,25721304000,25879416000
2013-09-28,AAPL,USD,0000320193,2013-10-30,2013-10-29 20:38:28,2013,Q4,37472000000,23601000000,13871000000,1168000000,1573000000,1100000000,2673000000,0,3841000000,27442000000,307000000,390000000,83000000,1783000000,11813000000,10226000000,-196000000,10030000000,113000000,10143000000,2631000000,7512000000,0,0,7512000000,0,7512000000,0.3,0.3,25316564000,25455668000
2013-12-28,AAPL,USD,0000320193,2014-01-28,2014-01-28 17:07:27,2014,Q1,57594000000,35748000000,21846000000,1330000000,0,0,3053000000,0,4383000000,40131000000,343000000,427000000,84000000,2144000000,19607000000,17793000000,-330000000,17463000000,246000000,17709000000,4637000000,13072000000,0,0,13072000000,0,13072000000,0.52,0.52,25090016000,25240644000
2014-03-29,AAPL,USD,0000320193,2014-04-24,2014-04-24 17:02:12,2014,Q2,45646000000,27699000000,17947000000,1422000000,0,0,2932000000,0,4354000000,32053000000,325000000,410000000,85000000,1887000000,15480000000,13903000000,-310000000,13593000000,225000000,13818000000,3595000000,10223000000,0,0,10223000000,0,10223000000,0.42,0.42,24493196000,24626784000
2014-06-28,AAPL,USD,0000320193,2014-07-23,2014-07-23 16:32:48,2014,Q3,37432000000,22697000000,14735000000,1603000000,0,0,2850000000,0,4453000000,27150000000,339000000,439000000,100000000,1946000000,12228000000,10584000000,-302000000,10282000000,202000000,10484000000,2736000000,7748000000,0,0,7748000000,0,7748000000,0.32,0.32,24212500000,24206844000
2014-09-27,AAPL,USD,0000320193,2014-10-27,2014-10-27 17:11:55,2014,Q4,42123000000,26114000000,16009000000,1686000000,1958000000,1200000000,3158000000,0,4844000000,30958000000,404000000,519000000,115000000,1969000000,13134000000,11587000000,-422000000,11165000000,307000000,11472000000,3005000000,8467000000,0,0,8467000000,0,8467000000,0.36,0.35,23735380000,23888328000
2014-12-27,AAPL,USD,0000320193,2015-01-28,2015-01-28 16:39:32,2015,Q1,74599000000,44858000000,29741000000,1895000000,0,0,3600000000,0,5495000000,50353000000,523000000,654000000,131000000,2575000000,26821000000,24547000000,-301000000,24246000000,170000000,24416000000,6392000000,18024000000,0,0,18024000000,0,18024000000,0.77,0.77,23372328000,23527212000
2015-03-28,AAPL,USD,0000320193,2015-04-28,2015-04-28 17:01:16,2015,Q2,58010000000,34354000000,23656000000,1918000000,0,0,3460000000,0,5378000000,39732000000,512000000,675000000,163000000,2479000000,20757000000,18727000000,-449000000,18278000000,286000000,18564000000,4995000000,13569000000,0,0,13569000000,0,13569000000,0.59,0.58,23175196000,23339432000
2015-06-27,AAPL,USD,0000320193,2015-07-22,2015-07-22 17:01:17,2015,Q3,49605000000,29924000000,19681000000,2034000000,0,0,3564000000,0,5598000000,35522000000,565000000,766000000,201000000,3084000000,17167000000,14674000000,-591000000,14083000000,390000000,14473000000,3796000000,10677000000,0,0,10677000000,0,10677000000,0.47,0.46,22919544000,23092396000
2015-09-26,AAPL,USD,0000320193,2015-10-28,2015-10-28 16:31:09,2015,Q4,51501000000,30953000000,20548000000,2220000000,0,0,3705000000,0,5925000000,36878000000,588000000,826000000,238000000,3119000000,17742000000,15300000000,-677000000,14623000000,439000000,15062000000,3938000000,11124000000,0,0,11124000000,0,11124000000,0.49,0.49,22686900782,22730076000
2015-12-26,AAPL,USD,0000320193,2016-01-27,2016-01-27 16:32:03,2016,Q1,75872000000,45449000000,30423000000,2404000000,0,0,3848000000,0,6252000000,51701000000,665000000,941000000,276000000,2954000000,27125000000,24849000000,-678000000,24171000000,402000000,24573000000,6212000000,18361000000,0,0,18361000000,0,18361000000,0.83,0.82,22235720000,22376508000
2016-03-26,AAPL,USD,0000320193,2016-04-27,2016-04-27 16:32:53,2016,Q2,50557000000,30636000000,19921000000,2511000000,0,0,3423000000,0,5934000000,36570000000,665000000,986000000,321000000,2477000000,16464000000,14463000000,-476000000,13987000000,155000000,14142000000,3626000000,10516000000,0,0,10516000000,0,10516000000,0.48,0.47,22057524000,22163544000
2016-06-25,AAPL,USD,0000320193,2016-07-27,2016-07-27 16:32:36,2016,Q3,42358000000,26252000000,16106000000,2560000000,0,0,3441000000,0,6001000000,32253000000,627000000,1036000000,409000000,2526000000,12631000000,10878000000,-773000000,10105000000,364000000,10469000000,2673000000,7796000000,0,0,7796000000,0,7796000000,0.36,0.36,21772232000,21891124000
2016-09-24,AAPL,USD,0000320193,2016-10-26,2016-10-26 16:42:16,2016,Q4,46852000000,29039000000,17813000000,2570000000,0,0,3482000000,0,6052000000,35091000000,586000000,1036000000,450000000,2548000000,15186000000,12638000000,-877000000,11761000000,427000000,12188000000,3174000000,9014000000,0,0,9014000000,0,9014000000,0.42,0.42,21467648000,21573332000
2016-12-31,AAPL,USD,0000320193,2017-02-01,2017-02-01 16:33:29,2017,Q1,78351000000,48175000000,30176000000,2871000000,0,0,3946000000,0,6817000000,54992000000,699000000,1224000000,525000000,2987000000,26346000000,24705000000,-1346000000,23359000000,821000000,24180000000,6289000000,17891000000,0,0,17891000000,0,17891000000,0.84,0.84,21194644000,21311980000
2017-04-01,AAPL,USD,0000320193,2017-05-03,2017-05-03 16:32:23,2017,Q2,52896000000,32305000000,20591000000,2776000000,0,0,3718000000,0,6494000000,38799000000,752000000,1282000000,530000000,2332000000,16429000000,15214000000,-1117000000,14097000000,587000000,14684000000,3655000000,11029000000,0,0,11029000000,0,11029000000,0.53,0.52,20903164000,21046752000
2017-07-01,AAPL,USD,0000320193,2017-08-02,2017-08-02 16:31:28,2017,Q3,45408000000,27920000000,17488000000,2937000000,0,0,3783000000,0,6720000000,34640000000,725000000,1327000000,602000000,2354000000,13122000000,11910000000,-1142000000,10768000000,540000000,11308000000,2591000000,8717000000,0,0,8717000000,0,8717000000,0.42,0.42,20780352000,20933996000
2017-09-30,AAPL,USD,0000320193,2017-11-03,2017-11-03 08:01:37,2017,Q4,52579000000,32648000000,19931000000,2997000000,0,0,3814000000,0,6811000000,39459000000,702000000,1368000000,666000000,2484000000,17067000000,14583000000,-1463000000,13120000000,797000000,13917000000,3203000000,10714000000,0,0,10714000000,0,10714000000,0.52,0.52,20597712000,20734340000
2017-12-30,AAPL,USD,0000320193,2018-02-02,2018-02-02 08:01:26,2018,Q1,88293000000,54381000000,33912000000,3407000000,0,0,4231000000,0,7638000000,62019000000,718000000,1452000000,734000000,2745000000,29019000000,27764000000,-1490000000,26274000000,756000000,27030000000,6965000000,20065000000,0,0,20065000000,0,20065000000,0.98,0.97,20451508000,20631148000
2018-03-31,AAPL,USD,0000320193,2018-05-02,2018-05-02 16:32:12,2018,Q2,61137000000,37715000000,23422000000,3378000000,0,0,4150000000,0,7528000000,45243000000,713000000,1505000000,792000000,2739000000,19699000000,16960000000,-1066000000,15894000000,274000000,16168000000,2346000000,13822000000,0,0,13822000000,0,13822000000,0.69,0.68,20099508000,20273972000
2018-06-30,AAPL,USD,0000320193,2018-08-01,2018-08-01 16:31:48,2018,Q3,53265000000,32844000000,20421000000,3701000000,0,0,4108000000,0,7809000000,40653000000,572000000,1418000000,846000000,2665000000,15277000000,14130000000,-1518000000,12612000000,672000000,13284000000,1765000000,11519000000,0,0,11519000000,0,11519000000,0.59,0.58,19528668000,19706436000
2018-09-29,AAPL,USD,0000320193,2018-11-05,2018-11-05 08:01:40,2018,Q4,62900000000,38816000000,24084000000,3750000000,0,0,4216000000,0,7966000000,46782000000,443000000,1311000000,868000000,2754000000,20043000000,17289000000,-1171000000,16118000000,303000000,16421000000,2296000000,14125000000,0,0,14125000000,0,14125000000,0.74,0.73,19206356000,19390188000
2018-12-29,AAPL,USD,0000320193,2019-01-30,2019-01-30 16:31:37,2019,Q1,84310000000,52279000000,32031000000,3902000000,0,0,4783000000,0,8685000000,60964000000,417000000,1307000000,890000000,3395000000,28191000000,24796000000,-1450000000,23346000000,560000000,23906000000,3941000000,19965000000,0,0,19965000000,0,19965000000,1.05,1.05,18943280000,19093008000
2019-03-30,AAPL,USD,0000320193,2019-05-01,2019-05-01 16:32:00,2019,Q2,58015000000,36194000000,21821000000,3948000000,0,0,4458000000,0,8406000000,44600000000,348000000,1358000000,1010000000,3040000000,17843000000,14803000000,-1388000000,13415000000,378000000,13793000000,2232000000,11561000000,0,0,11561000000,0,11561000000,0.62,0.61,18696284000,18802584000
2019-06-29,AAPL,USD,0000320193,2019-07-31,2019-07-31 16:31:53,2019,Q3,53809000000,33582000000,20227000000,4257000000,0,0,4426000000,0,8683000000,42265000000,324000000,1190000000,866000000,2933000000,15710000000,12777000000,-1233000000,11544000000,367000000,11911000000,1867000000,10044000000,0,0,10044000000,0,10044000000,0.55,0.55,18282532000,18405520000
2019-09-28,AAPL,USD,0000320193,2019-10-31,2019-10-30 18:12:36,2019,Q4,64040000000,39727000000,24313000000,4110000000,0,0,4578000000,0,8688000000,48415000000,296000000,1106000000,810000000,3179000000,18869000000,16937000000,-1312000000,15625000000,502000000,16127000000,2441000000,13686000000,0,0,13686000000,0,13686000000,0.76,0.76,17963248000,18081492000
2019-12-28,AAPL,USD,0000320193,2020-01-29,2020-01-28 18:02:44,2020,Q1,91819000000,56602000000,35217000000,4451000000,0,0,5197000000,0,9648000000,66250000000,260000000,1045000000,785000000,2816000000,29519000000,26703000000,-1134000000,25569000000,349000000,25918000000,3682000000,22236000000,0,0,22236000000,0,22236000000,1.26,1.25,17660160000,17818416000
2020-03-28,AAPL,USD,0000320193,2020-05-01,2020-04-30 18:03:10,2020,Q2,58313000000,35943000000,22370000000,4565000000,0,0,4952000000,0,9517000000,45460000000,292000000,1049000000,757000000,2786000000,16678000000,13892000000,-1039000000,12853000000,282000000,13135000000,1886000000,11249000000,0,0,11249000000,0,11249000000,0.64,0.64,17440404000,17618764000
2020-06-27,AAPL,USD,0000320193,2020-07-31,2020-07-30 19:29:09,2020,Q3,59685000000,37005000000,22680000000,4758000000,0,0,4831000000,0,9589000000,46594000000,204000000,901000000,697000000,2752000000,16586000000,13834000000,-743000000,13091000000,46000000,13137000000,1884000000,11253000000,0,0,11253000000,0,11253000000,0.65,0.65,17250292000,17419152000
2020-09-26,AAPL,USD,0000320193,2020-10-30,2020-10-29 18:06:25,2020,Q4,64698000000,40009000000,24689000000,4978000000,0,0,4936000000,0,9914000000,49923000000,134000000,768000000,634000000,2702000000,18237000000,15535000000,-760000000,14775000000,126000000,14901000000,2228000000,12673000000,0,0,12673000000,0,12673000000,0.74,0.73,17057622000,17256521000
2020-12-26,AAPL,USD,0000320193,2021-01-28,2021-01-27 18:03:06,2021,Q1,111439000000,67111000000,44328000000,5163000000,0,0,5631000000,0,10794000000,77905000000,109000000,747000000,638000000,2666000000,36883000000,34217000000,-683000000,33534000000,45000000,33579000000,4824000000,28755000000,0,0,28755000000,0,28755000000,1.7,1.68,16935119000,17113688000
2021-03-27,AAPL,USD,0000320193,2021-04-29,2021-04-28 18:02:54,2021,Q2,89584000000,51505000000,38079000000,5262000000,0,0,5314000000,0,10576000000,62081000000,48000000,718000000,670000000,2797000000,31478000000,28681000000,-1178000000,27503000000,508000000,28011000000,4381000000,23630000000,0,0,23630000000,0,23630000000,1.41,1.4,16753476000,16929157000
2021-06-26,AAPL,USD,0000320193,2021-07-28,2021-07-27 18:03:42,2021,Q3,81434000000,46179000000,35255000000,5717000000,0,0,5412000000,0,11129000000,57308000000,54000000,719000000,665000000,2832000000,27866000000,25034000000,-908000000,24126000000,243000000,24369000000,2625000000,21744000000,0,0,21744000000,0,21744000000,1.31,1.3,16629371000,16781735000
2021-09-25,AAPL,USD,0000320193,2021-10-29,2021-10-28 18:04:28,2021,Q4,83360000000,48186000000,35174000000,5772000000,0,0,5616000000,0,11388000000,59574000000,-13000000,659000000,672000000,2989000000,26909000000,23920000000,-134000000,23786000000,-538000000,23248000000,2697000000,20551000000,0,0,20551000000,0,20551000000,1.25,1.24,16487121000,16635097000
2021-12-25,AAPL,USD,0000320193,2022-01-28,2022-01-27 18:00:58,2022,Q1,123945000000,69702000000,54243000000,6306000000,0,0,6449000000,0,12755000000,82457000000,-44000000,650000000,694000000,2697000000,44632000000,41935000000,-447000000,41488000000,-247000000,41241000000,6611000000,34630000000,0,0,34630000000,0,34630000000,2.11,2.1,16391724000,16519291000
2022-03-26,AAPL,USD,0000320193,2022-04-29,2022-04-28 18:03:58,2022,Q2,97278000000,54719000000,42559000000,6387000000,0,0,6193000000,0,12580000000,67299000000,9000000,700000000,691000000,2737000000,33567000000,30830000000,-851000000,29979000000,160000000,30139000000,5129000000,25010000000,0,0,25010000000,0,25010000000,1.54,1.52,16278802000,16403316000
2022-06-25,AAPL,USD,0000320193,2022-07-29,2022-07-28 18:06:56,2022,Q3,82959000000,47074000000,35885000000,6797000000,0,0,6012000000,0,12809000000,59883000000,3000000,722000000,719000000,2805000000,26590000000,23785000000,-709000000,23076000000,-10000000,23066000000,3624000000,19442000000,0,0,19442000000,0,19442000000,1.2,1.2,16162945000,16262203000
2022-09-24,AAPL,USD,0000320193,2022-10-28,2022-10-27 18:01:14,2022,Q4,90146000000,52051000000,38095000000,6761000000,0,0,6440000000,0,13201000000,65252000000,-74000000,753000000,827000000,2865000000,28349000000,25484000000,-590000000,24894000000,-237000000,24657000000,3936000000,20721000000,0,0,20721000000,0,20721000000,1.29,1.29,16030382000,16118465000
2022-12-31,AAPL,USD,0000320193,2023-02-03,2023-02-02 18:01:30,2023,Q1,117154000000,66822000000,50332000000,7709000000,0,0,6607000000,0,14316000000,81138000000,-135000000,868000000,1003000000,2916000000,38932000000,36016000000,0,36016000000,-393000000,35623000000,5625000000,29998000000,0,0,29998000000,0,29998000000,1.89,1.88,15892723000,15955718000
2023-04-01,AAPL,USD,0000320193,2023-05-05,2023-05-04 18:03:52,2023,Q2,94836000000,52860000000,41976000000,7457000000,0,0,6201000000,0,13658000000,66518000000,-12000000,918000000,930000000,2898000000,31216000000,28318000000,0,28318000000,64000000,28382000000,4222000000,24160000000,0,0,24160000000,0,24160000000,1.53,1.52,15787154000,15847050000
2023-07-01,AAPL,USD,0000320193,2023-08-04,2023-08-03 18:04:43,2023,Q3,81797000000,45384000000,36413000000,7442000000,0,0,5973000000,0,13415000000,58799000000,-18000000,980000000,998000000,3052000000,26050000000,22998000000,0,22998000000,-265000000,22733000000,2852000000,19881000000,0,0,19881000000,0,19881000000,1.27,1.26,15697614000,15775021000
2023-09-30,AAPL,USD,0000320193,2023-11-03,2023-11-02 18:08:27,2023,Q4,89498000000,49071000000,40427000000,7307000000,0,0,6151000000,0,13458000000,62529000000,-18000000,984000000,1002000000,2653000000,30653000000,28000000000,-1031000000,26969000000,29000000,26998000000,4042000000,22956000000,0,0,22956000000,0,22956000000,1.47,1.46,15599434000,15672400000
2023-12-30,AAPL,USD,0000320193,2024-02-02,2024-02-01 18:03:38,2024,Q1,119575000000,64720000000,54855000000,7696000000,0,0,6786000000,0,14482000000,79202000000,0,0,0,2848000000,43221000000,40373000000,0,40373000000,-50000000,40323000000,6407000000,33916000000,0,0,33916000000,0,33916000000,2.19,2.18,15509763000,15576641000
2024-03-30,AAPL,USD,0000320193,2024-05-03,2024-05-02 18:04:25,2024,Q2,90753000000,48482000000,42271000000,7903000000,0,0,6468000000,0,14371000000,62853000000,0,0,0,2836000000,30736000000,27900000000,0,27900000000,158000000,28058000000,4422000000,23636000000,0,0,23636000000,0,23636000000,1.53,1.53,15405856000,15464709000
2024-06-29,AAPL,USD,0000320193,2024-08-02,2024-08-01 18:03:34,2024,Q3,85777000000,46099000000,39678000000,8006000000,0,0,6320000000,0,14326000000,60425000000,0,0,0,2850000000,28202000000,25352000000,0,25352000000,142000000,25494000000,4046000000,21448000000,0,0,21448000000,0,21448000000,1.4,1.4,15287521000,15348175000
2024-09-28,AAPL,USD,0000320193,2024-11-01,2024-11-01 06:01:36,2024,Q4,94930000000,51051000000,43879000000,7765000000,0,0,6523000000,0,14288000000,65339000000,0,0,0,2911000000,32502000000,29591000000,0,29591000000,19000000,29610000000,14874000000,14736000000,0,0,14736000000,0,14736000000,0.97,0.97,15171990000,15242853000
2024-12-28,AAPL,USD,0000320193,2025-01-31,2025-01-31 06:01:27,2025,Q1,124300000000,66025000000,58275000000,8268000000,0,0,7175000000,0,15443000000,81468000000,0,0,0,3080000000,45912000000,42832000000,0,42832000000,-248000000,42584000000,6254000000,36330000000,0,0,36330000000,0,36330000000,2.41,2.4,15081724000,15150865000
2025-03-29,AAPL,USD,0000320193,2025-05-02,2025-05-02 06:00:46,2025,Q2,95359000000,50492000000,44867000000,8550000000,0,0,6728000000,0,15278000000,65770000000,0,0,0,2661000000,32250000000,29589000000,0,29589000000,-279000000,29310000000,4530000000,24780000000,0,0,24780000000,0,24780000000,1.65,1.65,14994082000,15056133000
